@article{Authors06,
 author = {Authors},
 title = {The frobnicatable foo filter},
 note = {ECCV06 submission ID 324. Supplied as additional material {\tt eccv06.pdf}},
 year = 2006
}

@article{Authors06b,
 author = {Authors},
 title = {Frobnication tutorial},
 note = {Supplied as additional material {\tt tr.pdf}},
 year = 2006
}

@article{Alpher02,
author = {A. Alpher},
title = {Frobnication},
journal = {Journal of Foo},
volume = 12, 
number = 1, 
pages = {234--778}, 
year = 2002
}

@article{Alpher03,
author = {A. Alpher and and J.~P.~N. Fotheringham-Smythe},
title = {Frobnication revisited},
journal = {Journal of Foo},
volume = 13, 
number = 1, 
pages = {234--778}, 
year = 2003
}

@article{Alpher04,
author = {A. Alpher and and J.~P.~N. Fotheringham-Smythe and G. Gamow},
title = {Can a machine frobnicate?},
journal = {Journal of Foo},
volume = 14, 
number = 1, 
pages = {234--778}, 
year = 2004
}

@ARTICLE{vanderGeeretal2000,
  author  = {van der Geer, J. and Hanraads, J. A. J. and Lupton, R. A.},
  title   = {The art of writing a scientific article},
  journal = {J. Sci. Commun.}, 
  year    = {2000},
 }

@inproceedings{ChenAlan04,
 author = {Chen, Xiangrong and Yuille, Alan L.},
 title = {Detecting and Reading Text in Natural Scenes},
 booktitle = {CVPR},
 year = {2004},
}

@inproceedings{Lazebnik,
 author = {Lazebnik, Svetlana and Schmid, Cordelia and Ponce, Jean},
 title = {Beyond Bags of Features: Spatial Pyramid Matching for Recognizing Natural Scene Categories},
 booktitle = {CVPR},
 year = {2006},
} 

@article{GhoshDS10,
  author = {Ghosh, D. and Dube, T. and Shivaprasad, A. P.},
  journal = {IEEE Trans. Pattern Anal. Mach. Intell.},
  title = {{Script Recognition - A Review.}},
  year = 2010
}

@ARTICLE{Lienhart02, 
author={Lienhart, R. and Wernicke, A.}, 
journal={TCSVT}, 
title={Localizing and segmenting text in images and videos}, 
year={2002}, 
}

@INPROCEEDINGS{Gallavata04, 
author={Gllavata, J. and Ewerth, R. and Freisleben, B.}, 
booktitle={ICPR}, 
title={Text detection in images based on unsupervised classification of high-frequency wavelet coefficients}, 
year={2004}, 
}
@ARTICLE{LiHuiping00, 
author={Li, Huiping and Doermann, D. and Kia, O.}, 
journal={Image Processing, IEEE Transactions on}, 
title={Automatic text detection and tracking in digital video}, 
year={2000},
}

@article{Ye2005,
 author = {Ye, Qixiang and Huang, Qingming and Gao, Wen and Zhao, Debin},
 title = {Fast and Robust Text Detection in Images and Video Frames},
 journal = {Image Vision Comput.},
 year = {2005}
} 

@InProceedings{deCampos09,
  author    = "de Campos, T.~E. and Babu, B.~R. and Varma, M.",
  title     = {{Character recognition in natural images}},
  booktitle = "VISAPP",
  year      = "2009",
}

@INPROCEEDINGS{Vibhor13, 
author={Goel, V. and Mishra, A. and Alahari, K. and Jawahar, C.V.}, 
booktitle={ICDAR}, 
title={Whole is Greater than Sum of Parts: Recognizing Scene Text Words}, 
year={2013}, 
month={Aug}, 
}

@article{Jain1998,
title = "Automatic Text Location In Images and Video Frames",
journal = "Pattern Recognition ",
year = "1998",
author = "Anil K. Jain and Bin Yu",
}

@article{Kim1996,
title = "Efficient Automatic Text Location Method and Content-Based Indexing and Structuring of Video Database ",
journal = "Journal of Visual Communication and Image Representation ",
year = "1996",
author = "Hae-Kwang Kim"
}

@article{Liu2006,
 author = {Liu, Yangxing and Goto, Satoshi and Ikenaga, Takeshi},
 title = {A Contour-Based Robust Algorithm for Text Detection in Color Images},
 journal = {IEICE - Trans. Inf. Syst.},
 issue_date = {March 2006},
 year = {2006},
} 

@INPROCEEDINGS{Epshtein2010, 
author={Epshtein, B. and Ofek, E. and Wexler, Y.}, 
booktitle={CVPR}, 
title={Detecting text in natural scenes with stroke width transform}, 
year={2010}, 
}

@ARTICLE{LiangDL05,
  author    = {Jian Liang and
               David S. Doermann and
               Huiping Li},
  title     = {Camera-based analysis of text and documents: a survey},
  journal   = {{IJDAR}},
  year      = {2005}
}

@ARTICLE{JungJain04,
AUTHOR = "Keechul Jung and Kwang In Kim and Anil K. Jain",
TITLE = "Text information extraction in images and video: a survey",
JOURNAL = "Pattern Recognition",
YEAR = {2004},
  }

@misc{labelme,
  title = {{	LabelMe - The Open Annotation Tool}},
  howpublished = {\url{http://labelme.csail.mit.edu/}}
}

@BOOK{StrunkWhite1979,
  author  = {Strunk Jr., W. and White, E. B.},
  title   = {The Elements of Style},
  year    = {1979}
}

@INCOLLECTION{MettamAdams1999,
  author  = {Mettam, G. R. and Adams, L. B.},
  title   = {How to prepare an electronic version of your article},
  booktitle = {Introduction to the Electronic Age},
  address = {New York, NY},
  year    = {1999},
}

@ARTICLE{LBPOjala1996,
AUTHOR = "Timo Ojala and Matti Pietik√§inen and David Harwood",
TITLE = {{A Comparative Study of Texture Measures with Classification based on Featured Distributions}},
JOURNAL = "Pattern Recognition",
YEAR = {1996},
  }
  
@ARTICLE{LBPOjala2002, 
author={Ojala, T. and Pietikainen, M. and Maenpaa, T.}, 
journal={TPAMI}, 
title={{Multiresolution Gray-Scale and Rotation Invariant Texture Classification with Local Binary Patterns}}, 
year={2002}, 
}

@INPROCEEDINGS{Pal, 
author={Chanda, S. and Pal, S. and Franke, K. and Pal, U.}, 
booktitle={ICDAR}, 
title={{Two-Stage Approach for Word-wise Script Identification}}, 
year={2009}
}

@INPROCEEDINGS{ProfFeatPK2014,
author={Krishnan, P. and Sankaran, N. and Singh, A.~K. and Jawahar, C.~V.},
booktitle={DAS},
title={{Towards a Robust OCR System for Indic Scripts}},
year={2014},}

@INPROCEEDINGS{scriptICDAR15,
author={Ajeet Kumar Singh and C.~V. Jawahar},
booktitle={ICDAR},
title={{Can RNNs Reliably Separate Script and Language at Word and Line Level?}},
year={2015},}

@INPROCEEDINGS{SIWIcdar,
author={Shi, Baoguang and Yao, Cong and Zhang, Chengquan and Guo, Xiaowei and  Huang, Feiyue and Bai, Xiang },
booktitle={ICDAR},
title={{Automatic Script Identification in the Wild}},
year={2015},}

@INPROCEEDINGS{CVSIComp,
author={Sharma, Nabin and Mandal, Raju and Sharma, Rabi and Pal, U. and Michael Blumenstein},
booktitle={ICDAR},
title={{ICDAR2015 Competition on Video Script Identification(CVSI 2015)}},
year={2015},}

@InProceedings{MishraBMVC12,
  author    = "Mishra, A. and Alahari, K. and Jawahar, C.~V.",
  title     = {{Scene Text Recognition using Higher Order Language Priors}},
  booktitle = "BMVC",
  year      = "2012",
}
@inproceedings{ICDARcomp11,
  author    = {Asif Shahab and
               Faisal Shafait and
               Andreas Dengel},
  title     = {{{\sc ICDAR} 2011 Robust Reading Competition Challenge 2: Reading
               Text in Scene Images}},
  booktitle = {ICDAR},
  year      = {2011},
}
@article{FernandoFT14,
  author    = {Basura Fernando and
               {\'{E}}lisa Fromont and
               Tinne Tuytelaars},
  title     = {{Mining Mid-level Features for Image Classification}},
  journal   = {IJCV},
  year      = {2014},
}
@article{JoshiGS07,
  author    = {Gopal Datt Joshi and
               Saurabh Garg and
               Jayanthi Sivaswamy},
  title     = {{A Generalised Framework for Script Identification}},
  journal   = {{IJDAR}},
  year      = {2007},
 }
@inproceedings{JunejaVJZ13,
  author    = {Mayank Juneja and
               Andrea Vedaldi and
               C. V. Jawahar and
               Andrew Zisserman},
  title     = {{Blocks That Shout: Distinctive Parts for Scene Classification}},
  booktitle = {CVPR},
  year      = {2013},
 }
@inproceedings{BoureauBLP10,
  author    = {Y{-}Lan Boureau and
               Francis R. Bach and
               Yann LeCun and
               Jean Ponce},
  title     = {{Learning Mid-Level Features for Recognition}},
  booktitle = {CVPR},
  year      = {2010},
}
@inproceedings{GomezK14,
  author    = {Lluis Gomez, Dimosthenis Karatzas},
  title     = {{A Fast Hierarchical Method for Multi-script and Arbitrary Oriented Scene Text Extraction}},
  booktitle = {arXiv:1407.7504},
  year      = {2014},
}
@misc{tessOCR,
note = {Tesseract {OCR}, http://code.google.com/p/tesseract-ocr/},
}

@misc{junejaThesis,
  title = {{Mayank Juneja - Thesis}},
  howpublished = {\url{http://cvit.iiit.ac.in/thesis/mayankjunejaMS2013/}}
}

@misc{gravesThesis,
  title = {{Alex Graves - Thesis}},
  howpublished = {\url{ http://www.cs.toronto.edu/~graves/phd.pdf}}
}

@misc{colahSite,
  title = {{Christopher Olah - Understanding LSTMs}},
  howpublished = {\url{http://colah.github.io/posts/2015-08-Understanding-LSTMs/}}
}

@ARTICLE{Lowe04,
    author = {David G. Lowe},
    title = {Distinctive Image Features from Scale-Invariant Keypoints},
    journal = {International Journal of Computer Vision},
    year = {2004},
    volume = {60},
    pages = {91--110}
}

@INPROCEEDINGS{Dalal05,
    author = {Navneet Dalal and Bill Triggs},
    title = {Histograms of Oriented Gradients for Human Detection},
    booktitle = {In CVPR},
    year = {2005},
    pages = {886--893}
}

@inproceedings{SinghGE12,
  author    = {Saurabh Singh and
               Abhinav Gupta and
               Alexei A. Efros},
  title     = {{Unsupervised Discovery of Mid-Level Discriminative Patches}},
  booktitle = {ECCV},
  year      = {2012},
}
@inproceedings{PhanSDLT11,
  author    = {Trung Quy Phan and
               Palaiahnakote Shivakumara and
               Zhang Ding and
               Shijian Lu and
               Chew Lim Tan},
  title     = {{Video Script Identification Based on Text Lines}},
  booktitle = {ICDAR},
  year      = {2011},
 }
@ARTICLE{GravesLFBBS09, 
author={Graves, A. and Liwicki, M. and Fernandez, S. and Bertolami, R. and Bunke, H. and Schmidhuber, J.}, 
journal={PAMI}, 
title={A Novel Connectionist System for Unconstrained Handwriting Recognition}, 
year={2009},
}

@INPROCEEDINGS{Rashid10, 
author={Rashid, S.F. and Shafait, F. and Breuel, T.M.}, 
booktitle={ICIP}, 
title={Discriminative learning for script recognition}, 
year={2010}, 
month={Sept}, 
}

@incollection{Hinton12,
title = {ImageNet Classification with Deep Convolutional Neural Networks},
author = {Alex Krizhevsky and Sutskever, Ilya and Geoffrey E. Hinton},
booktitle = {NIPS},
year = {2012}
}

@ARTICLE{Manmatha12, 
author={Frinken, V. and Fischer, A. and Manmatha, R. and Bunke, H.}, 
journal={PAMI}, 
title={A Novel Word Spotting Method Based on Recurrent Neural Networks}, 
year={2012}
}

@inproceedings{GravesFGS06,
  author    = {Alex Graves and
               Santiago Fern{\'a}ndez and
               Faustino J. Gomez and
               J{\"u}rgen Schmidhuber},
  title     = {{Connectionist Temporal Classification: Labelling Unsegmented Sequence Data with Recurrent Neural Networks}},
  booktitle = {ICML},
  year      = {2006},
}

@ARTICLE{Schmidhuber97, 
author={Hochreiter, S and Schmidhuber, J}, 
journal={Neural Computing}, 
title={Long Short-Term Memory}, 
year={1997}, 
}

@article{Joshi07,
  title = {A generalised framework for script identification.},
  author = {Joshi, Gopal Datt and Garg, Saurabh and Sivaswamy, Jayanthi},
  journal = {IJDAR},
  year = 2007
 }

@article{Hiremath08,
 author = {Hiremath, P. S. and Shivashankar, S.},
 title = {Wavelet Based Co-occurrence Histogram Features for Texture Classification with an Application to Script Identification in a Document Image},
 journal = {PR Letters},
 year=2008,
}

@inproceedings{KumarJ07,
  author    = {C. V. Jawahar and Anand Kumar
               },
  title     = {{Content-level Annotation of Large Collection of Printed
               Document Images}},
  booktitle = {ICDAR},
  year      = {2007},
}

@INPROCEEDINGS{Manmatha03, 
author={Rath, Toni M. and Manmatha, R.}, 
booktitle={ICDAR}, 
title={Features for word spotting in historical manuscripts}, 
year={2003}, 
}

@misc{ethnologue,
  title = {{Ethnologue - webpage}},
  howpublished = {\url{https://www.ethnologue.com/}}
}

@article{Pati,
 author = {Pati, Peeta Basa and Ramakrishnan, A. G.},
 title = {Word Level Multi-script Identification},
 journal = {PR Letters},
 year = {2008},
}

@INPROCEEDINGS{Volkmar11, 
author={Jain, R. and Frinken, V. and Jawahar,C.~V. and Manmatha, R.}, 
booktitle={ICDAR}, 
title={BLSTM Neural Network Based Word Retrieval for Hindi Documents}, 
year={2011}, 
}

@INPROCEEDINGS{Breuel13, 
author={Breuel, T.M. and Ul-Hasan, A. and Al-Azawi, M.A. and Shafait, F.}, 
booktitle={ICDAR}, 
title={High-Performance OCR for Printed English and Fraktur Using LSTM Networks}, 
year={2013},
}

@incollection{Graves09,
title = {Offline Handwriting Recognition with Multidimensional Recurrent Neural Networks},
author = {Graves, Alex and Schmidhuber, J\"{u}rgen},
booktitle = {Advances in Neural Information Processing Systems 21},
year = {2009}
}


@INPROCEEDINGS{PraveenDAS, 
author={Krishnan, Praveen and Sankaran, Naveen and Singh, Ajeet Kumar and Jawahar, C.~V.}, 
booktitle={DAS}, 
title={Towards a Robust OCR System for Indic Scripts}, 
year={2014}
}

@ARTICLE{Hochberg97, 
author={Hochberg, J. and Kelly, P. and Thomas, T. and Kerns, L.}, 
journal={PAMI}, 
title={Automatic script identification from document images using cluster-based templates}, 
year={1997}, 
}

@ARTICLE{Spitz97, 
author={Spitz, A.L.}, 
journal={PAMI}, 
title={Determination of the script and language content of document images}, 
year={1997}, 
}

@ARTICLE{Shijian08, 
author={Lu Shijian and Tan, C.L.}, 
journal={PAMI}, 
title={Script and Language Identification in Noisy and Degraded Document Images}, 
year={2008}, 
}

@ARTICLE{Busch05, 
author={Busch, Andrew and Boles, W.W. and Sridharan, S.}, 
journal={PAMI}, 
title={Texture for script identification}, 
year={2005}
}

@INPROCEEDINGS{sukalpa09, 
author={Chanda, S. and Pal, S. and Franke, K. and Pal, U.}, 
booktitle={ICDAR}, 
title={Two-stage Approach for Word-wise Script Identification}, 
year={2009}
}

@inproceedings{huanfeng04,
  author = {Ma, Huanfeng and Doermann, David S.},
  booktitle = {DRR},
  title = {Word level script identification for scanned document images.},
  year = 2004
}

@INPROCEEDINGS{Ferrer13, 
author={Ferrer, M.A. and Morales, A. and Pal, U.}, 
booktitle={ICDAR}, 
title={LBP Based Line-Wise Script Identification}, 
year={2013}, 
}

@ARTICLE{Tan98, 
author={Tan, T.N.}, 
journal={PAMI}, 
title={Rotation invariant texture features and their use in automatic script identification}, 
year={1998}
}

@inproceedings{Baccouche11,
 author = {Baccouche, Moez and Mamalet, Franck and Wolf, Christian and Garcia, Christophe and Baskurt, Atilla},
 title = {Sequential Deep Learning for Human Action Recognition},
 booktitle = {ICHBU},
 year = {2011},
}

@INPROCEEDINGS{Nobile97, 
author={Nobile, N. and Bergler, S. and Suen, C.Y. and Khoury, S.}, 
booktitle={ICDAR}, 
title={Language identification of on-line documents using word shapes}, 
year={1997}, 
}

@INPROCEEDINGS{Bergler98,
    author = {Suen Bergler and C. Y. Suen and S. Bergler and N. Nobile and B. Waked and C. P. Nadal and A. Bloch},
    title = {Categorizing Document Images Into Script And Language Classes},
    booktitle = {ICAPR},
    year = {1998},
}

@article{Hochreiter07,
  author = {Hochreiter, Sepp and Heusel, Martin and Obermayer, Klaus},
  journal = {Bioinformatics},
  title = {Fast model-based protein homology detection without alignment.},
  year = 2007
}

@INPROCEEDINGS{Music02, 
author={Eck, D. and Schmidhuber, J.}, 
booktitle={Neural Networks for Signal Processing, 2002. Proceedings of the 2002 12th IEEE Workshop on}, 
title={Finding temporal structure in music: blues improvisation with LSTM recurrent networks}, 
year={2002}, 
}

@INPROCEEDINGS{Bakker02,
    author = {Bram Bakker},
    title = {Reinforcement Learning with Long Short-Term Memory},
    booktitle = {In NIPS},
    year = {2002},

}